@article{DBLP:journals/corr/TraskML15,
  author    = {Andrew Trask and
               Phil Michalak and
               John Liu},
  title     = {sense2vec - {A} Fast and Accurate Method for Word Sense Disambiguation
               In Neural Word Embeddings},
  journal   = {CoRR},
  volume    = {abs/1511.06388},
  year      = {2015},
  url       = {http://arxiv.org/abs/1511.06388},
  timestamp = {Tue, 01 Dec 2015 19:22:34 +0100},
  biburl    = {http://dblp.uni-trier.de/rec/bib/journals/corr/TraskML15},
  bibsource = {dblp computer science bibliography, http://dblp.org}
}

@article{DBLP:journals/corr/AroraLLMR15,
  author    = {Sanjeev Arora and
               Yuanzhi Li and
               Yingyu Liang and
               Tengyu Ma and
               Andrej Risteski},
  title     = {Random Walks on Context Spaces: Towards an Explanation of the Mysteries
               of Semantic Word Embeddings},
  journal   = {CoRR},
  volume    = {abs/1502.03520},
  year      = {2015},
  url       = {http://arxiv.org/abs/1502.03520},
  timestamp = {Mon, 02 Mar 2015 14:17:34 +0100},
  biburl    = {http://dblp.uni-trier.de/rec/bib/journals/corr/AroraLLMR15},
  bibsource = {dblp computer science bibliography, http://dblp.org}
}

@inproceedings{DBLP:conf/coling/JameelS16,
  author    = {Shoaib Jameel and
               Steven Schockaert},
  title     = {D-GloVe: {A} Feasible Least Squares Model for Estimating Word Embedding
               Densities},
  booktitle = {{COLING} 2016, 26th International Conference on Computational Linguistics,
               Proceedings of the Conference: Technical Papers, December 11-16, 2016,
               Osaka, Japan},
  pages     = {1849--1860},
  year      = {2016},
  url       = {http://aclweb.org/anthology/C/C16/C16-1174.pdf},
  timestamp = {Thu, 15 Dec 2016 16:57:13 +0100},
  biburl    = {http://dblp.uni-trier.de/rec/bib/conf/coling/JameelS16},
  bibsource = {dblp computer science bibliography, http://dblp.org}
}

@inproceedings{DBLP:conf/aaai/BouraouiJS17,
  author    = {Zied Bouraoui and
               Shoaib Jameel and
               Steven Schockaert},
  title     = {Inductive Reasoning about Ontologies Using Conceptual Spaces},
  booktitle = {Proceedings of the Thirty-First {AAAI} Conference on Artificial Intelligence,
               February 4-9, 2017, San Francisco, California, {USA.}},
  pages     = {4364--4370},
  year      = {2017},
  url       = {http://aaai.org/ocs/index.php/AAAI/AAAI17/paper/view/14916},
  timestamp = {Mon, 06 Mar 2017 08:17:31 +0100},
  biburl    = {http://dblp.uni-trier.de/rec/bib/conf/aaai/BouraouiJS17},
  bibsource = {dblp computer science bibliography, http://dblp.org}
}

@incollection{NIPS2014_5477,
title = {Neural Word Embedding as Implicit Matrix Factorization},
author = {Levy, Omer and Goldberg, Yoav},
booktitle = {Advances in Neural Information Processing Systems 27},
editor = {Z. Ghahramani and M. Welling and C. Cortes and N. D. Lawrence and K. Q. Weinberger},
pages = {2177--2185},
year = {2014},
publisher = {Curran Associates, Inc.},
url = {http://papers.nips.cc/paper/5477-neural-word-embedding-as-implicit-matrix-factorization.pdf}
}


@INPROCEEDINGS{Levy14linguisticregularities,
    author = {Omer Levy and Yoav Goldberg},
    title = {Linguistic regularities in sparse and explicit word representations},
    booktitle = {In Proceedings of the Thirteenth Conference on Computational Natural Language Learning (CoNLL},
    year = {2014}
}

@article{DBLP:journals/corr/YamadaS0T16,
  author    = {Ikuya Yamada and
               Hiroyuki Shindo and
               Hideaki Takeda and
               Yoshiyasu Takefuji},
  title     = {Joint Learning of the Embedding of Words and Entities for Named Entity
               Disambiguation},
  journal   = {CoRR},
  volume    = {abs/1601.01343},
  year      = {2016},
  url       = {http://arxiv.org/abs/1601.01343},
  timestamp = {Mon, 01 Feb 2016 15:36:05 +0100},
  biburl    = {http://dblp.uni-trier.de/rec/bib/journals/corr/YamadaS0T16},
  bibsource = {dblp computer science bibliography, http://dblp.org}
}

@INPROCEEDINGS{Pennington14glove:global,
    author = {Jeffrey Pennington and Richard Socher and Christopher D. Manning},
    title = {Glove: Global vectors for word representation},
    booktitle = {In EMNLP},
    year = {2014}
}

@article{DBLP:journals/corr/abs-1301-3781,
  author    = {Tomas Mikolov and
               Kai Chen and
               Greg Corrado and
               Jeffrey Dean},
  title     = {Efficient Estimation of Word Representations in Vector Space},
  journal   = {CoRR},
  volume    = {abs/1301.3781},
  year      = {2013},
  url       = {http://arxiv.org/abs/1301.3781},
  timestamp = {Thu, 07 May 2015 20:02:01 +0200},
  biburl    = {http://dblp.uni-trier.de/rec/bib/journals/corr/abs-1301-3781},
  bibsource = {dblp computer science bibliography, http://dblp.org}
}

@misc{ruder_2016, title={On word embeddings - Part 1}, url={http://sebastianruder.com/word-embeddings-1/}, journal={Sebastian Ruder}, publisher={Sebastian Ruder}, author={Ruder, Sebastian}, year={2016}, month={Nov}}

@article{2007arXiv0706.4138R,
   author = {{Recht}, B. and {Fazel}, M. and {Parrilo}, P.~A.},
    title = "{Guaranteed Minimum-Rank Solutions of Linear Matrix Equations via Nuclear Norm Minimization}",
  journal = {ArXiv e-prints},
archivePrefix = "arXiv",
   eprint = {0706.4138},
 primaryClass = "math.OC",
 keywords = {Mathematics - Optimization and Control, Mathematics - Statistics Theory, 90C25, 90C59, 15A52},
     year = 2007,
    month = jun,
   adsurl = {http://adsabs.harvard.edu/abs/2007arXiv0706.4138R},
  adsnote = {Provided by the SAO/NASA Astrophysics Data System}
}


@article{DBLP:journals/corr/TrouillonWRGB16,
  author    = {Th{\'{e}}o Trouillon and
               Johannes Welbl and
               Sebastian Riedel and
               {\'{E}}ric Gaussier and
               Guillaume Bouchard},
  title     = {Complex Embeddings for Simple Link Prediction},
  journal   = {CoRR},
  volume    = {abs/1606.06357},
  year      = {2016},
  url       = {http://arxiv.org/abs/1606.06357},
  timestamp = {Fri, 01 Jul 2016 17:39:49 +0200},
  biburl    = {http://dblp.uni-trier.de/rec/bib/journals/corr/TrouillonWRGB16},
  bibsource = {dblp computer science bibliography, http://dblp.org}
}

@article{DBLP:journals/corr/NickelRP15,
  author    = {Maximilian Nickel and
               Lorenzo Rosasco and
               Tomaso A. Poggio},
  title     = {Holographic Embeddings of Knowledge Graphs},
  journal   = {CoRR},
  volume    = {abs/1510.04935},
  year      = {2015},
  url       = {http://arxiv.org/abs/1510.04935},
  timestamp = {Sun, 01 Nov 2015 17:30:45 +0100},
  biburl    = {http://dblp.uni-trier.de/rec/bib/journals/corr/NickelRP15},
  bibsource = {dblp computer science bibliography, http://dblp.org}
}

@MISC{Nickel_athree-way,
    author = {Maximilian Nickel and Volker Tresp},
    title = {A Three-Way Model for Collective Learning on Multi-Relational Data},
    year = {2011}
}

@article{DBLP:journals/corr/NeelakantanSPM15,
  author    = {Arvind Neelakantan and
               Jeevan Shankar and
               Alexandre Passos and
               Andrew McCallum},
  title     = {Efficient Non-parametric Estimation of Multiple Embeddings per Word
               in Vector Space},
  journal   = {CoRR},
  volume    = {abs/1504.06654},
  year      = {2015},
  url       = {http://arxiv.org/abs/1504.06654},
  timestamp = {Sat, 02 May 2015 17:50:32 +0200},
  biburl    = {http://dblp.uni-trier.de/rec/bib/journals/corr/NeelakantanSPM15},
  bibsource = {dblp computer science bibliography, http://dblp.org}
}


@book{Goodfellow-et-al-2016,
    title={Deep Learning},
    author={Ian Goodfellow and Yoshua Bengio and Aaron Courville},
    publisher={MIT Press},
    note={http://www.deeplearningbook.org},
    url ={http://www.deeplearningbook.org/contents/representation.html},
    year={2016}
}

@article{DBLP:journals/corr/SantoroBBWL16,
  author    = {Adam Santoro and
               Sergey Bartunov and
               Matthew Botvinick and
               Daan Wierstra and
               Timothy P. Lillicrap},
  title     = {One-shot Learning with Memory-Augmented Neural Networks},
  journal   = {CoRR},
  volume    = {abs/1605.06065},
  year      = {2016},
  url       = {http://arxiv.org/abs/1605.06065},
  timestamp = {Wed, 01 Jun 2016 15:51:07 +0200},
  biburl    = {http://dblp.uni-trier.de/rec/bib/journals/corr/SantoroBBWL16},
  bibsource = {dblp computer science bibliography, http://dblp.org}
}

@article{DBLP:journals/corr/YosinskiCBL14,
  author    = {Jason Yosinski and
               Jeff Clune and
               Yoshua Bengio and
               Hod Lipson},
  title     = {How transferable are features in deep neural networks?},
  journal   = {CoRR},
  volume    = {abs/1411.1792},
  year      = {2014},
  url       = {http://arxiv.org/abs/1411.1792},
  timestamp = {Mon, 01 Dec 2014 14:32:13 +0100},
  biburl    = {http://dblp.uni-trier.de/rec/bib/journals/corr/YosinskiCBL14},
  bibsource = {dblp computer science bibliography, http://dblp.org}
}
@article{DBLP:journals/corr/VinyalsBLKW16,
  author    = {Oriol Vinyals and
               Charles Blundell and
               Timothy P. Lillicrap and
               Koray Kavukcuoglu and
               Daan Wierstra},
  title     = {Matching Networks for One Shot Learning},
  journal   = {CoRR},
  volume    = {abs/1606.04080},
  year      = {2016},
  url       = {http://arxiv.org/abs/1606.04080},
  timestamp = {Fri, 01 Jul 2016 17:39:49 +0200},
  biburl    = {http://dblp.uni-trier.de/rec/bib/journals/corr/VinyalsBLKW16},
  bibsource = {dblp computer science bibliography, http://dblp.org}
}

@misc{1703.03400,
Author = {Chelsea Finn and Pieter Abbeel and Sergey Levine},
Title = {Model-Agnostic Meta-Learning for Fast Adaptation of Deep Networks},
Year = {2017},
Eprint = {arXiv:1703.03400},
}

@misc{olah, 
title={Understanding LSTM Networks}, 
url={http://colah.github.io/posts/2015-08-Understanding-LSTMs/}, 
note = {http://colah.github.io/posts/2015-08-Understanding-LSTMs/}, 
author=  {Christopher Olah},
}

@INPROCEEDINGS{6639211, 
author={O. Abdel-Hamid and H. Jiang}, 
booktitle={2013 IEEE International Conference on Acoustics, Speech and Signal Processing}, 
title={Fast speaker adaptation of hybrid NN/HMM model for speech recognition based on discriminative learning of speaker code}, 
year={2013}, 
pages={7942-7946}, 
keywords={backpropagation;hidden Markov models;neural nets;speaker recognition;adaptation NN weights;discriminative learning;fast speaker adaptation;generic adaptation neural network;generic speaker-independent feature space;hybrid NN-HMM model;joint training method;speaker codes;speech recognition;standard back-propagation algorithm;Adaptation models;Artificial neural networks;Hidden Markov models;Speech;Speech recognition;Training;Vectors;Fast Adaptation;Hybrid NNHMM;Neural Network;Speaker Code}, 
doi={10.1109/ICASSP.2013.6639211}, 
ISSN={1520-6149}, 
month={May},}

@inproceedings{42536,
title = {Improving DNN Speaker Independence with I-vector Inputs},
author  = {Andrew Senior and Ignacio Lopez-Moreno},
year  = 2014,
booktitle = {Proc. ICASSP}
}

 @misc{wiki:HMM,
   author = "Wikipedia",
   title = "Hidden Markov model --- Wikipedia{,} The Free Encyclopedia",
   year = "2017",
   url = "https://en.wikipedia.org/w/index.php?title=Hidden_Markov_model&oldid=775822681",
   note = "[Online; accessed 25-April-2017]"
 }
  @misc{wiki:GMM,
   author = "Wikipedia",
   title = "Mixture model --- Wikipedia{,} The Free Encyclopedia",
   year = "2017",
   url = "https://en.wikipedia.org/w/index.php?title=Mixture_model&oldid=775664506",
   note = "[Online; accessed 25-April-2017]"
 }


@article{lecun-mnisthandwrittendigit-2010,
  added-at = {2010-06-28T21:16:30.000+0200},
  author = {LeCun, Yann and Cortes, Corinna},
  biburl = {https://www.bibsonomy.org/bibtex/2935bad99fa1f65e03c25b315aa3c1032/mhwombat},
  groups = {public},
  howpublished = {http://yann.lecun.com/exdb/mnist/},
  interhash = {21b9d0558bd66279df9452562df6e6f3},
  intrahash = {935bad99fa1f65e03c25b315aa3c1032},
  keywords = {MSc _checked character_recognition mnist network neural},
  lastchecked = {2016-01-14 14:24:11},
  timestamp = {2016-07-12T19:25:30.000+0200},
  title = {{MNIST} handwritten digit database},
  url = {http://yann.lecun.com/exdb/mnist/},
  username = {mhwombat},
  year = 2010
}
